<record><leader>00000cas a22000007a 4500</leader><controlfield tag="001">20507924</controlfield><controlfield tag="008">891018d19001903mouwr ne      0    0eng d</controlfield><datafield ind1=" " ind2=" " tag="010"><subfield code="a">sn 89067123 </subfield></datafield><datafield ind1=" " ind2=" " tag="040"><subfield code="a">MQN</subfield><subfield code="b">eng</subfield><subfield code="c">MQN</subfield><subfield code="d">OCLCQ</subfield></datafield><datafield ind1=" " ind2=" " tag="042"><subfield code="a">msc</subfield></datafield><datafield ind1="0" ind2=" " tag="130"><subfield code="a">Republican (Lancaster, Mo.)</subfield></datafield><datafield ind1="1" ind2="4" tag="245"><subfield code="a">The republican.</subfield></datafield><datafield ind1=" " ind2=" " tag="260"><subfield code="a">Lancaster, Mo. :</subfield><subfield code="b">J.L. Baker,</subfield><subfield code="c">1900-1903.</subfield></datafield><datafield ind1=" " ind2=" " tag="300"><subfield code="a">v.</subfield></datafield><datafield ind1=" " ind2=" " tag="310"><subfield code="a">Weekly</subfield></datafield><datafield ind1="0" ind2=" " tag="362"><subfield code="a">Vol. 2, no. 1 (Oct. 19, 1900)-v. 4, no. 36 (June 26, 1903).</subfield></datafield><datafield ind1=" " ind2=" " tag="752"><subfield code="a">United States</subfield><subfield code="b">Missouri</subfield><subfield code="c">Schuyler</subfield><subfield code="d">Lancaster.</subfield></datafield><datafield ind1="0" ind2="0" tag="780"><subfield code="t">Schuyler County avalanche</subfield><subfield code="w">(DLC)sn 89067122</subfield></datafield><datafield ind1="0" ind2="0" tag="785"><subfield code="t">Schuyler County republican</subfield><subfield code="w">(DLC)sn 89067124</subfield></datafield></record>